@inproceedings{Matsui1994,
	author = {U. M. Matsui},
	title = {Linear Cryptanalysis Method for DES Cipher},
	booktitle = {Advances in Cryptology --- Proceedings of EUROCRYPT '93},
	publisher = {Springer LNCS},
	year = 1994,
	pages = {386--397}
}

incollection{Karp1972,
	year={1972},
	isbn={978-1-4684-2003-6},
	booktitle={Complexity of Computer Computations},
	series={The IBM Research Symposia Series},
	editor={Miller, Raymond E. and Thatcher, James W. and Bohlinger, Jean D.},
	doi={10.1007/978-1-4684-2001-2_9},
	title={Reducibility among Combinatorial Problems},
	note={\url{http://dx.doi.org/10.1007/978-1-4684-2001-2_9}},
	publisher={Springer US},
	author={Karp, Richard M.},
	pages={85-103},
	language={English}
}

@incollection{Pedersen1992,
	year={1992},
	isbn={978-3-540-55188-1},
	booktitle={Advances in Cryptology — CRYPTO ’91},
	volume={576},
	series={Lecture Notes in Computer Science},
	editor={Feigenbaum, Joan},
	doi={10.1007/3-540-46766-1_9},
	title={Non-Interactive and Information-Theoretic Secure Verifiable Secret Sharing},
	note={\url{http://dx.doi.org/10.1007/3-540-46766-1_9}},
	publisher={Springer Berlin Heidelberg},
	author={Pedersen, Torben Pryds},
	pages={129-140},
	language={English}
}

@article{Kerckhoffs1883,
	author={Auguste Kerckhoffs},
	title={La Cryptographie Militairese},
	month=jan,
	year={1883},
	journal={Journal des Sciences Militaires},
	volume={9},
	pages={5--38}
}

@article{Stockmeyer1973,
	author = {Stockmeyer, Larry},
	title = {Planar 3-colorability is Polynomial Complete},
	journal = {SIGACT News},
	issue_date = {July 1973},
	volume = {5},
	number = {3},
	month = jul,
	year = {1973},
	issn = {0163-5700},
	pages = {19--25},
	numpages = {7},
	note = {\url{http://doi.acm.org/10.1145/1008293.1008294}},
	doi = {10.1145/1008293.1008294},
	acmid = {1008294},
	publisher = {ACM},
	address = {New York, NY, USA}
} 

@article{Goldwasser1984,
	title = "Probabilistic encryption ",
	journal = "Journal of Computer and System Sciences ",
	volume = "28",
	number = "2",
	pages = "270 - 299",
	year = "1984",
	issn = "0022-0000",
	doi = "http://dx.doi.org/10.1016/0022-0000(84)90070-9",
	note = "\url{http://www.sciencedirect.com/science/article/pii/0022000084900709}",
	author = "Shafi Goldwasser and Silvio Micali"
}

@article{Shannon1949,
	title = {Communication theory of secrecy systems*},
	author = {Shannon, Claude E},
	journal = {Bell system technical journal},
	volume = {28},
	number = {4},
	pages = {656--715},
	year = {1949},
	publisher = {Wiley Online Library},
	note = "\url{http://netlab.cs.ucla.edu/wiki/files/shannon1949.pdf}"
}

@article{Coppersmith1994,
	title = {The Data Encryption Standard (DES) and its strength against attacks},
	author = {Coppersmith, Don},
	journal = {IBM Journal of Research and Development},
	volume = {38},
	number = {3},
	pages = {243--250},
	month = may,
	year = {1994},
	publisher = {IBM},
	note = {\url{http://simson.net/ref/1994/coppersmith94.pdf}}
}

@techreport{NIST_DES99,
	author = {National Institute of Standardization and Technology},
	title = {DATA ENCRYPTION STANDARD},
	institution = {National Institute of Standardization and Technology},
	month = oct,
	year = {1999},
	note = {\url{http://csrc.nist.gov/publications/fips/archive/fips46-3/fips46-3.pdf}}
}

@techreport{NIST_AES01,
	author = {National Institute of Standardization and Technology},
	title = {Specification for the ADVANCED ENCRYPTION STANDARD (AES)},
	institution = {National Institute of Standardization and Technology},
	month = nov,
	year = {2001},
	note = {\url{http://csrc.nist.gov/publications/fips/fips197/fips-197.pdf}}
}

@techreport{NIST_GCM05,
	author = {McGrew, David A and Viega, John},
	title = {The Galois/Counter Mode of Operation},
	institution = {National Institute of Standardization and Technology},
	month = may,
	year = {2005},
	note = {\url{http://csrc.nist.gov/groups/ST/toolkit/BCM/documents/proposedmodes/gcm/gcm-revised-spec.pdf}}
}

@misc{Blaze1996,
	author = {Matt Blaze and Whitefield Diffie and Ronald L. Rivest and Bruce Schneier and Tsutomu Shimomura and Eric Thompson and Michael Wiener},
	title = {MINIMAL KEY LENGTHS FOR SYMMETRIC CIPHERS TO PROVIDE ADEQUATE COMMERCIAL SECURITY},
	month = jan,
	year = 1996,
	howpublished = "\url{http://www.fortify.net/related/cryptographers.html}"
}

@misc{Ewing1996,
	author = {Larry Ewing},
	title = {Tux der Pinguin, erstellt mit "the GIMP"},
	year = 1996,
	howpublished = "\url{lewing@isc.tamu.edu}"
}

@misc{Thoma2013,
	author = {Martin Thoma},
	year = 2013,
	howpublished = "\url{https://github.com/MartinThoma/LaTeX-examples/}"
}

@misc{Klink2011,
	author = {Alexander Klink and Julian Wälde},
	title = {Efficient Denial of Service Attacks on Web Application Platforms},
	year = {2011},
	url = {http://events.ccc.de/congress/2011/Fahrplan/events/4680.en.html},
	note = {Aufzeichnung online verfügbar: \url{https://events.ccc.de/congress/2011/wiki/Documentation}}
}

@misc{Wundram2011,
	author={Martin Wundram},
	title={Antiforensik},
	year={2011},
	howpublished={\url{http://events.ccc.de/congress/2011/Fahrplan/events/4828.en.html}},
	note={Aufzeichnung online verfügbar: \url{http://events.ccc.de/congress/2011/wiki/Documentation}}
}

misc{NIST_BlockModes,
	author={National Institute of Standards and Technology, Computer Security Resource Center},
	title={Modes Development},
	howpublished={\url{http://csrc.nist.gov/groups/ST/toolkit/BCM/modes_development.html}}
}

@misc{Kamkar2005,
	author={Samy Kamkar},
	title={I'm Popular},
	year={2005},
	howpublished={\url{http://namb.la/popular/}}
}

@misc{Sophos,
	author={Sophos Ltd.},
	title={Detailed Analysis of JS/Spacehero-A},
	howpublished={\url{http://www.sophos.com/en-us/threat-center/threat-analyses/viruses-and-spyware/JS~Spacehero-A/detailed-analysis.aspx}}
}